
@SITE{statista:1,
AUTHOR="Statista",
TITLE="Number of smartphone users worldwide from 2014 to 2020 (in billions)",
}

@article{alliance2016wi,
  title={Wi-Fi peer-to-peer (P2P) technical specification},
  author={Alliance, Wi-Fi},
  journal={www. wi-fi. org/Wi-Fi\_Direct. php},
  year={2016}
}

@inproceedings{mathews2007evolution,
  title={Evolution of wireless LAN security architecture to IEEE 802.11 i (WPA2)},
  author={Mathews, Moffat and Hunt, Ray},
  booktitle={Proceedings of the fourth IASTED Asian conference on communication systems and networks},
  year={2007}
}

@misc{wikipedia_2015, 
title={Generic Advertisement Service}, 
url={https://en.wikipedia.org/wiki/Generic_Advertisement_Service}, 
journal={Wikipedia}, publisher={Wikimedia Foundation},
 year={2015},
} 

@misc{wi-fialliance
, title={Wi-Fi Direct}, url={https://www.wi-fi.org/discover-wi-fi/wi-fi-direct}, journal={Wi-Fi Alliance}} 



@misc{WPS, title={Wi-Fi Protected Setup}, url={https://en.wikipedia.org/wiki/Wi-Fi_Protected_Setup}, journal={Wikipedia}, publisher={Wikimedia Foundation}, } 


@misc{wikiDi, title={Wi-Fi Direct}, url={https://en.wikipedia.org/wiki/Wi-Fi_Direct}, journal={Wikipedia}, publisher={Wikimedia Foundation}, year={2018}, month={Dec}}







@misc{ASD, title={Android software development}, url={https://en.wikipedia.org/wiki/Android_software_development}, journal={Wikipedia}, publisher={Wikimedia Foundation}, year={2018}, month={Dec}}


@misc{androiddevelopers, title={WifiP2pManager  |  Android Developers}, url={https://developer.android.com/reference/android/net/wifi/p2p/WifiP2pManager}, journal={Android Developers}} 


@misc{spongy, title={Spongy Castle}, url={https://rtyley.github.io/spongycastle/}, journal={Spongy Castle by rtyley}}


@misc{sec, url={http://www.secg.org/sec2-v2.pdf}}